<?xml version="1.0" encoding="UTF-8"?><collection xmlns="http://www.loc.gov/MARC21/slim"><record><leader>00568nam--2200205-u-4500</leader><controlfield tag="001">000053405</controlfield><controlfield tag="002">20161230</controlfield><controlfield tag="005">20161230201051</controlfield><controlfield tag="008">110329s1000------------r-----000-0-eng-d</controlfield><datafield ind1=" " ind2=" " tag="020"><subfield code="a">9781402057953</subfield></datafield><datafield ind1=" " ind2=" " tag="040"><subfield code="a">IFIN-HH</subfield></datafield><datafield ind1=" " ind2=" " tag="080"><subfield code="a">(530.145:53.06):512.812</subfield></datafield><datafield ind1="1" ind2=" " tag="100"><subfield code="a">Dong, Shi-hai</subfield></datafield><datafield ind1="1" ind2="0" tag="245"><subfield code="a">Frctorization method in qunatum mechanics</subfield><subfield code="c">Shi-hai dong</subfield></datafield><datafield ind1=" " ind2=" " tag="260"><subfield code="a">Dordrecht</subfield><subfield code="b">Springer</subfield><subfield code="c">2007</subfield></datafield><datafield ind1=" " ind2=" " tag="300"><subfield code="a">297P</subfield></datafield><datafield ind1=" " ind2=" " tag="490"><subfield code="a">Fundamental Theories In Physics</subfield><subfield code="v">Vol. 150</subfield></datafield><datafield ind1=" " ind2="4" tag="650"><subfield code="a">Quantum mechanics</subfield></datafield><datafield ind1=" " ind2=" " tag="852"><subfield code="a">82191</subfield><subfield code="c">530.14</subfield></datafield><datafield ind1=" " ind2=" " tag="CAT"><subfield code="a">Sys</subfield><subfield code="c">20110329</subfield><subfield code="h">143201</subfield></datafield></record></collection>